deep learning book

@unpublished{Goodfellow-et-al-2016-Book,
    title={Deep Learning},
    author={Ian Goodfellow Yoshua Bengio and Aaron Courville},
    note={Book in preparation for MIT Press},
    url={http://www.deeplearningbook.org},
    year={2016}
}

skip-thought

@inproceedings{kiros2015skip,
  title={Skip-thought vectors},
  author={Kiros, Ryan and Zhu, Yukun and Salakhutdinov, Ruslan R and Zemel, Richard and Urtasun, Raquel and Torralba, Antonio and Fidler, Sanja},
  booktitle={Advances in neural information processing systems},
  pages={3294--3302},
  year={2015}
}

papers that use character embeddings

@inproceedings{chen2015joint,
  title={Joint learning of character and word embeddings},
  author={Chen, Xinxiong and Xu, Lei and Liu, Zhiyuan and Sun, Maosong and Luan, Huanbo},
  booktitle={Proceedings of IJCAI},
  pages={1236--1242},
  year={2015}
}

@article{ling2015finding,
  title={Finding function in form: Compositional character models for open vocabulary word representation},
  author={Ling, Wang and Lu{\'\i}s, Tiago and Marujo, Lu{\'\i}s and Astudillo, Ram{\'o}n Fernandez and Amir, Silvio and Dyer, Chris and Black, Alan W and Trancoso, Isabel},
  journal={arXiv preprint arXiv:1508.02096},
  year={2015}
}

@article{kim2015character,
  title={Character-aware neural language models},
  author={Kim, Yoon and Jernite, Yacine and Sontag, David and Rush, Alexander M},
  journal={arXiv preprint arXiv:1508.06615},
  year={2015}
}

@inproceedings{dos2014learning,
  title={Learning Character-level Representations for Part-of-Speech Tagging.},
  author={dos Santos, C{\'\i}cero Nogueira and Zadrozny, Bianca},
  booktitle={ICML},
  pages={1818--1826},
  year={2014}
}

@inproceedings{zhang2015character,
  title={Character-level convolutional networks for text classification},
  author={Zhang, Xiang and Zhao, Junbo and LeCun, Yann},
  booktitle={Advances in Neural Information Processing Systems},
  pages={649--657},
  year={2015}
}



glove stuff

@inproceedings{pennington2014glove,
  title={Glove: Global Vectors for Word Representation.},
  author={Pennington, Jeffrey and Socher, Richard and Manning, Christopher D},
  booktitle={EMNLP},
  volume={14},
  pages={1532--43},
  year={2014}
}

word2vec stuff

@article{mikolov2013efficient,
  title={Efficient estimation of word representations in vector space},
  author={Mikolov, Tomas and Chen, Kai and Corrado, Greg and Dean, Jeffrey},
  journal={arXiv preprint arXiv:1301.3781},
  year={2013}
}

@inproceedings{mikolov2013distributed,
  title={Distributed representations of words and phrases and their compositionality},
  author={Mikolov, Tomas and Sutskever, Ilya and Chen, Kai and Corrado, Greg S and Dean, Jeff},
  booktitle={Advances in neural information processing systems},
  pages={3111--3119},
  year={2013}
}

@article{goldberg2014word2vec,
  title={word2vec Explained: deriving Mikolov et al.'s negative-sampling word-embedding method},
  author={Goldberg, Yoav and Levy, Omer},
  journal={arXiv preprint arXiv:1402.3722},
  year={2014}
}

nce

@inproceedings{gutmann2010noise,
  title={Noise-contrastive estimation: A new estimation principle for unnormalized statistical models.},
  author={Gutmann, Michael and Hyv{\"a}rinen, Aapo},
  booktitle={AISTATS},
  volume={1},
  number={2},
  pages={6},
  year={2010}
}

@article{mnih2012fast,
  title={A fast and simple algorithm for training neural probabilistic language models},
  author={Mnih, Andriy and Teh, Yee Whye},
  journal={arXiv preprint arXiv:1206.6426},
  year={2012}
}

some phoneme representations in comp hist ling

@inproceedings{kondrak2000new,
  title={A new algorithm for the alignment of phonetic sequences},
  author={Kondrak, Grzegorz},
  booktitle={Proceedings of the 1st North American chapter of the Association for Computational Linguistics conference},
  pages={288--295},
  year={2000},
  organization={Association for Computational Linguistics}
}


@article{rama2016siamese,
  title={Siamese convolutional networks based on phonetic features for cognate identification},
  author={Rama, Taraka},
  journal={arXiv preprint arXiv:1605.05172},
  year={2016}
}


@incollection{jager2014phylogenetic,
  title={Phylogenetic inference from word lists using weighted alignment with empirically determined weights},
  author={J{\"a}ger, Gerhard},
  booktitle={Quantifying Language Dynamics},
  pages={155--204},
  year={2014},
  publisher={Brill}
}

neural embedding history

@article{bengio2003neural,
  title={A neural probabilistic language model},
  author={Bengio, Yoshua and Ducharme, R{\'e}jean and Vincent, Pascal and Jauvin, Christian},
  journal={journal of machine learning research},
  volume={3},
  number={Feb},
  pages={1137--1155},
  year={2003}
}

@inproceedings{collobert2008unified,
  title={A unified architecture for natural language processing: Deep neural networks with multitask learning},
  author={Collobert, Ronan and Weston, Jason},
  booktitle={Proceedings of the 25th international conference on Machine learning},
  pages={160--167},
  year={2008},
  organization={ACM}
}

hierarchical softmax

@inproceedings{morin2005hierarchical,
  title={Hierarchical Probabilistic Neural Network Language Model.},
  author={Morin, Frederic and Bengio, Yoshua},
  booktitle={Aistats},
  volume={5},
  pages={246--252},
  year={2005},
  organization={Citeseer}
}

d softmax

@article{chen2015strategies,
  title={Strategies for Training Large Vocabulary Neural Language Models},
  author={Chen, Welin and Grangier, David and Auli, Michael},
  journal={arXiv preprint arXiv:1512.04906},
  year={2015}
}

importance sampling
@book{liu2008monte,
  title={Monte Carlo strategies in scientific computing},
  author={Liu, Jun S},
  year={2008},
  publisher={Springer Science \& Business Media}
}

@inproceedings{bengio2003quick,
  title={Quick Training of Probabilistic Neural Nets by Importance Sampling.},
  author={Bengio, Yoshua and Sen{\'e}cal, Jean-S{\'e}bastien and others},
  booktitle={AISTATS},
  year={2003}
}

@article{bengio2008adaptive,
  title={Adaptive importance sampling to accelerate training of a neural probabilistic language model},
  author={Bengio, Yoshua and Sen{\'e}cal, Jean-S{\'e}bastien},
  journal={IEEE Transactions on Neural Networks},
  volume={19},
  number={4},
  pages={713--722},
  year={2008},
  publisher={IEEE}
}

@article{cho2015using,
  title={On Using Very Large Target Vocabulary for Neural Machine Translation},
  author={Cho, S{\'e}bastien Jean Kyunghyun and Memisevic, Roland and Bengio, Yoshua},
  year={2015}
}

lstm

@article{hochreiter1997long,
  title={Long short-term memory},
  author={Hochreiter, Sepp and Schmidhuber, J{\"u}rgen},
  journal={Neural computation},
  volume={9},
  number={8},
  pages={1735--1780},
  year={1997},
  publisher={MIT Press}
}

polyglot language model

@article{tsvetkov2016polyglot,
  title={Polyglot Neural Language Models: A Case Study in Cross-Lingual Phonetic Representation Learning},
  author={Tsvetkov, Yulia and Sitaram, Sunayana and Faruqui, Manaal and Lample, Guillaume and Littell, Patrick and Mortensen, David and Black, Alan W and Levin, Lori and Dyer, Chris},
  journal={arXiv preprint arXiv:1605.03832},
  year={2016}
}

wals
@book{wals,
  address   = {Leipzig},
  editor    = {Matthew S. Dryer and Martin Haspelmath},
  publisher = {Max Planck Institute for Evolutionary Anthropology},
  title     = {WALS Online},
  url       = {http://wals.info/},
  year      = {2013}
}

phoible

@book{phoible,
  address   = {Leipzig},
  editor    = {Steven Moran and Daniel McCloy and Richard Wright},
  publisher = {Max Planck Institute for Evolutionary Anthropology},
  title     = {PHOIBLE Online},
  url       = {http://phoible.org/},
  year      = {2014}
}

ethnologue

@misc{lewis2015ethnologue,
  title={Ethnologue: Languages of the World. Dallas, Texas: SIL International. Online version},
  author={Lewis, M Paul and Simons, Gary F and Fennig, Charles D},
  year={2015}
}
embedding evaluation

@inproceedings{schnabel2015evaluation,
  title={Evaluation methods for unsupervised word embeddings},
  author={Schnabel, Tobias and Labutov, Igor and Mimno, David and Joachims, Thorsten},
  booktitle={Proc. of EMNLP},
  year={2015}
}

asjp

@article{wichmann2010asjp,
  title={The ASJP database (version 13)},
  author={Wichmann, S{\o}ren and M{\"u}ller, Andr{\'e} and Velupillai, Viveka and Brown, Cecil H and Holman, Eric W and Brown, Pamela and Sauppe, Sebastian and Belyaev, Oleg and Urban, Matthias and Molochieva, Zarina and others},
  journal={See http://email. eva. mpg. de/wichmann/languages. htm},
  year={2010}
}

@article{wichmann2011phonological,
  title={Phonological diversity, word length, and population sizes across languages: The ASJP evidence},
  author={Wichmann, S{\o}ren and Rama, Taraka and Holman, Eric W},
  journal={Linguistic Typology},
  volume={15},
  number={2},
  pages={177--198},
  year={2011}
}

GRU

@article{chung2014empirical,
  title={Empirical evaluation of gated recurrent neural networks on sequence modeling},
  author={Chung, Junyoung and Gulcehre, Caglar and Cho, KyungHyun and Bengio, Yoshua},
  journal={arXiv preprint arXiv:1412.3555},
  year={2014}
}

lsa

@book{landauer2013handbook,
  title={Handbook of latent semantic analysis},
  author={Landauer, Thomas K and McNamara, Danielle S and Dennis, Simon and Kintsch, Walter},
  year={2013},
  publisher={Psychology Press}
}